<record><leader>00000cas a22000007a 4500</leader><controlfield tag="001">8818411</controlfield><controlfield tag="008">820929d18761883ksuwr ne      0    0eng  </controlfield><controlfield tag="009">466</controlfield><datafield ind1=" " ind2=" " tag="010"><subfield code="a">sn 82015901 </subfield></datafield><datafield ind1=" " ind2=" " tag="040"><subfield code="a">DLC</subfield><subfield code="b">eng</subfield><subfield code="c">DLC</subfield><subfield code="d">NPT</subfield><subfield code="d">NPX</subfield><subfield code="d">DLC</subfield><subfield code="d">CNW</subfield><subfield code="d">OCLCQ</subfield><subfield code="d">OCLCO</subfield><subfield code="d">OCLCF</subfield></datafield><datafield ind1="1" ind2=" " tag="029"><subfield code="a">AU@</subfield><subfield code="b">000025835651</subfield></datafield><datafield ind1=" " ind2=" " tag="042"><subfield code="a">msc</subfield></datafield><datafield ind1="0" ind2="0" tag="050"><subfield code="a">Newspaper 7871</subfield></datafield><datafield ind1="0" ind2=" " tag="130"><subfield code="a">North Topeka times (Topeka, Kan. : 1876)</subfield></datafield><datafield ind1="0" ind2="4" tag="245"><subfield code="a">The North Topeka times.</subfield></datafield><datafield ind1="1" ind2="3" tag="246"><subfield code="a">Weekly times</subfield><subfield code="f">Jan. 13-Feb. 24, 1882</subfield></datafield><datafield ind1="1" ind2="3" tag="246"><subfield code="a">Topeka times</subfield><subfield code="f">Mar. 3, 1882-Feb. 2, 1883</subfield></datafield><datafield ind1=" " ind2=" " tag="260"><subfield code="a">North Topeka [i.e. Topeka], Kan. :</subfield><subfield code="b">Frank A. Root,</subfield><subfield code="c">1876-1883.</subfield></datafield><datafield ind1=" " ind2=" " tag="300"><subfield code="a">8 v. ;</subfield><subfield code="c">40-51 cm.</subfield></datafield><datafield ind1=" " ind2=" " tag="310"><subfield code="a">Weekly</subfield></datafield><datafield ind1="0" ind2=" " tag="362"><subfield code="a">Vol. 2, no. 16 (June 8, 1876)-v. 9, no. 5 (Feb. 2, 1883).</subfield></datafield><datafield ind1=" " ind2=" " tag="500"><subfield code="a">Publishers: Root &amp; Irwin, Sept. 28, 1877-Dec. 5, 1879; F.H. Roberts &amp; J.S. Temple, Jan. 13-Feb. 24, 1882; North Topeka Print. Co., Mar. 3-Oct. 6, 1882; Whiting &amp; Stumbaugh, Oct. 13, 1882-Feb. 2, 1883.</subfield></datafield><datafield ind1=" " ind2=" " tag="500"><subfield code="a">"Republican."</subfield></datafield><datafield ind1=" " ind2=" " tag="525"><subfield code="a">Has occasional supplements.</subfield></datafield><datafield ind1=" " ind2=" " tag="500"><subfield code="a">Editor: Frank A. Root, &lt;1876&gt;.</subfield></datafield><datafield ind1=" " ind2=" " tag="580"><subfield code="a">Daily ed.: Topeka daily times (Topeka, Kan. : 1878).</subfield></datafield><datafield ind1=" " ind2="0" tag="651"><subfield code="a">Topeka (Kan.)</subfield><subfield code="v">Newspapers.</subfield></datafield><datafield ind1=" " ind2="7" tag="655"><subfield code="a">Newspapers.</subfield><subfield code="2">fast</subfield><subfield code="0">(OCoLC)fst01423814</subfield></datafield><datafield ind1=" " ind2="7" tag="651"><subfield code="a">Kansas</subfield><subfield code="z">Topeka.</subfield><subfield code="2">fast</subfield><subfield code="0">(OCoLC)fst01207212</subfield></datafield><datafield ind1=" " ind2=" " tag="752"><subfield code="a">United States</subfield><subfield code="b">Kansas</subfield><subfield code="c">Shawnee</subfield><subfield code="d">Topeka.</subfield></datafield><datafield ind1=" " ind2=" " tag="752"><subfield code="a">United States</subfield><subfield code="b">Kansas</subfield><subfield code="c">Shawnee</subfield><subfield code="d">North Topeka.</subfield></datafield><datafield ind1="1" ind2=" " tag="775"><subfield code="t">Topeka daily times (Topeka, Kan. : 1878)</subfield><subfield code="w">(DLC)sn 82015707</subfield></datafield><datafield ind1="0" ind2="0" tag="780"><subfield code="t">Topeka times</subfield><subfield code="w">(DLC)sn 82015705</subfield></datafield><datafield ind1="0" ind2="0" tag="785"><subfield code="t">Topeka weekly times (Topeka, Kan. : 1883)</subfield><subfield code="w">(DLC)sn 85067183</subfield></datafield></record>